@incollection{EH05,
	author = "Eduard H. Hovy",
	title = "Automated Text Summarization",
	editor = "Ruslan Mitkov",
	booktitle = "The Oxford Handbook of Computational Linguistics",
	publisher = "Oxford University Press",
	year = 2005,
}

@article{IM99,
	author = "Inderjeet Mani and David House and Gary Klein and others",
	title = "The TIPSTER SUMMAC Text Summarization Evaluation",
	journal = "Proceeding of EACL",
	year = "1999",
}

@article{EL08,
	author = "Elena Lloret",
	title = "TEXT SUMMARIZATION: AN OVERVIEW",
	year = "2008",
}

@incollection{KS99,
	author= "Karen Sparck Jones",
	title = "Automatic summarising: factors and directions",
	editor = "Inderjeet Mani and Mark T. Maybury",
	booktitle = "Advances in Automatic Text Summarization",
	publisher = "MIT Press",
	year = "1999",
}

@article{RMPT04,
	author = "Rada Mihalcea and Paul Tarau",
	title = "TextRank: Bringing Order into Texts",
	journal = "Proceedings of the Conference on Empirical Methods in 
	Natural Language Processing",
	year = "2004",
}

@article{RM04,
	author = "Rada Mihalcea",
	title = "Graph-based Ranking Algorithms for Sentence Extraction,
	Applied to Text Summarization",
	journal = "Proceedings of the 42and Annual Meeting of the Association 
	for Computational Linguistics",
	year = "2004",
}

@article{SBLP98,
	author = "Sergey Brin and Lawrence Page",
	title = "The Anatomy of a Large-Scale Hypertextual Web Search Engine",
	year = "1998",
}

@phdthesis{EZ01,
	title = "RESUMEN DE TEXTO SIN PERDIDA DE SIGNIFICADO",
	author = "Eduardo Alberto Zubieta Copeticon",
	school = "Universidad Mayor de San Andres",
	type = "thesis",
	year = "2001",
}

@phdthesis{HM05,
	title = "AGENTES INTELIGENTES QUE COMPRENDEN TEXTO EN LENGUAJE NATURAL",
	author = "Hugo Troche Mitta",
	school = "Universidad Mayor de San Andres",
	type = "thesis",
	year = "2005",
}
